@article{Chang_Lin2011,
  author =	 {Chih-Chung Chang and Chih-Jen Lin},
  title =	 {{LIBSVM}: {A} library for support vector machines.},
  journal = {ACM Transactions on Intelligent Systems and Technology},
  volume = {2},
  number = {3},
  year = {2011},
  pages = {27:1--27:27}
}

@article{Chen_etal2015,
	author={Fei Chen and Huimin Yu and Jincao Yao and Roland Hu},
	journal={Pattern Analysis and Applications},
	year={2015},
	title={Robust sparse kernel density estimation by inducing randomness},
	volume={18},
	pages={367},
	publisher={Springer}
}

@incollection{Lawson_Hanson1995,
	author={Charles L. Lawson and Richard J. Hanson},
	booktitle={Solving Least Squares Problems},
	year={1995},
	publisher={Society for Industrial and Applied Mathematics},
	volume={15},
	series={Classics in Applied Mathematics}
}

@article{Mills2009,
	year={2009},
	journal={Computers \& Geosciences},
	author={Peter Mills},
	title={Isoline retrieval: {A}n optimal method for validation of advected contours},
	volume={35},
	number={11},
	pages={2020-2031}
}

@article{Mills2011,
	year={2011},
	journal={International Journal of Remote Sensing},
	author={Peter Mills},
	title={Efficient statistical classification of satellite measurements},
	volume={32},
	number={21},
	pages={6109-6132}
}

@article{Mueller_etal2001,
	title = {An Introduction to Kernel-Based Learning Algorithms},
	author = {Klaus-Robert M{\"u}ller and Sebastian Mika and Gunnar R{\"a}tsch and Koji Tsuda and Bernhard Sch{\"o}lkopf},
	journal = {IEEE Transactions on Neural Networks},
	volume = {12},
	number = {2},
	year = {2001},
	pages = {181-201}
}

@article{Mills2018,
	title={Accelerating kernel classifiers through borders mapping},
	author={Peter Mills},
	year={2018},
	journal={Journal of Real-Time Image Processing},
	publisher={Springer},
	note={doi:10.1007/s11554-018-0769-9}
}

@article{Terrell_Scott1992,
	author={D. G. Terrell and D. W. Scott},
	year={1992},
	journal={Annals of Statistics},
	title={Variable kernel density estimation},
	volume={20},
	pages={1236-1265}
}

